<?xml version="1.0" encoding="UTF-8"?><collection xmlns="http://www.loc.gov/MARC21/slim"><record><leader>00328nam--2200121-i-4500</leader><controlfield tag="001">000006765</controlfield><controlfield tag="002">20161230</controlfield><controlfield tag="005">20161230201027</controlfield><controlfield tag="008">060222s1000------------r-----000-0-eng-d</controlfield><datafield ind1=" " ind2=" " tag="245"><subfield code="a">Advanced course on nuclear physics with thermal neutrons</subfield></datafield><datafield ind1=" " ind2=" " tag="260"><subfield code="a">Kjeller, Institutt For Atomenergi, 1963. Pag.Dif</subfield></datafield><datafield ind1=" " ind2=" " tag="490"><subfield code="a">64</subfield></datafield><datafield ind1=" " ind2=" " tag="852"><subfield code="a">14172</subfield></datafield></record></collection>